<?xml version="1.0" encoding="utf-8"?>
<record xmlns="http://www.loc.gov/MARC21/slim" xmlns:xsi="http://www.w3.org/2001/XMLSchema-instance" xsi:schemaLocation="http://www.loc.gov/MARC21/slim http://www.loc.gov/standards/marcxml/schema/MARC21slim.xsd">
	<leader>
		04048nam a2200637   4500
	</leader>
	<controlfield tag="001">
		001684515
	</controlfield>
	<controlfield tag="003">
		NNU
	</controlfield>
	<controlfield tag="006">
		m        d        
	</controlfield>
	<controlfield tag="007">
		cr cn |||m|||a
	</controlfield>
	<controlfield tag="008">
		151105s1908    le      ob    001 0 arard
	</controlfield>
	<datafield ind1=" " ind2=" " tag="040">
		<subfield code="a">
			NNU
		</subfield>
		<subfield code="b">
			eng
		</subfield>
		<subfield code="e">
			rda
		</subfield>
		<subfield code="c">
			NNU
		</subfield>
	</datafield>
	<datafield ind1="0" ind2=" " tag="041">
		<subfield code="a">
			ara
		</subfield>
		<subfield code="b">
			eng
		</subfield>
	</datafield>
	<datafield ind1=" " ind2=" " tag="043">
		<subfield code="a">
			a-sy---
		</subfield>
	</datafield>
	<datafield ind1=" " ind2="4" tag="050">
		<subfield code="a">
			D152
		</subfield>
		<subfield code="b">
			.I25 1908
		</subfield>
	</datafield>
	<datafield ind1="1" ind2=" " tag="100">
		<subfield code="6">
			880-01
		</subfield>
		<subfield code="a">
			Ibn al-Qalānisī, Abū Yaʻlá Ḥamzah ibn Asad,
		</subfield>
		<subfield code="d">
			-1160.
		</subfield>
	</datafield>
	<datafield ind1="1" ind2="0" tag="240">
		<subfield code="6">
			880-02
		</subfield>
		<subfield code="a">
			Dhayl tārīkh Dimashq
		</subfield>
	</datafield>
	<datafield ind1="1" ind2="0" tag="245">
		<subfield code="6">
			880-03
		</subfield>
		<subfield code="a">
			Tārīkh Abī Yaʻlá Ḥamzah ibn al-Qalānisī :
		</subfield>
		<subfield code="b">
			al-maʻruf bi-Dhayl tārīkh Dimashq /
		</subfield>
		<subfield code="c">
			tatalawahu nukhab min tawārīkh Ibn al-Azraq al-Fāriqī wa-al-sibṭ Ibn al-Jawzī wa-al-Ḥāfiẓ al-Dhahabī.
		</subfield>
	</datafield>
	<datafield ind1="1" ind2="5" tag="246">
		<subfield code="a">
			History of Damascus, 363-555 A.H.
		</subfield>
	</datafield>
	<datafield ind1="3" ind2="0" tag="246">
		<subfield code="6">
			880-04
		</subfield>
		<subfield code="a">
			Dhayl tārīkh Dimashq
		</subfield>
	</datafield>
	<datafield ind1=" " ind2=" " tag="260">
		<subfield code="6">
			880-05
		</subfield>
		<subfield code="a">
			Bayrūt :
		</subfield>
		<subfield code="b">
			Maṭbaʻat al-Ābāʼ al-Yasūʻīayn,
		</subfield>
		<subfield code="c">
			1908.
		</subfield>
	</datafield>
	<datafield ind1=" " ind2=" " tag="300">
		<subfield code="a">
			online resource (397, 48 pages)
		</subfield>
	</datafield>
	<datafield ind1=" " ind2=" " tag="336">
		<subfield code="a">
			text
		</subfield>
		<subfield code="2">
			rdacontent
		</subfield>
	</datafield>
	<datafield ind1=" " ind2=" " tag="337">
		<subfield code="a">
			computer
		</subfield>
		<subfield code="2">
			rdamedia
		</subfield>
	</datafield>
	<datafield ind1=" " ind2=" " tag="338">
		<subfield code="a">
			online resource
		</subfield>
		<subfield code="2">
			rdacarrier
		</subfield>
	</datafield>
	<datafield ind1=" " ind2=" " tag="500">
		<subfield code="a">
			Part of the Arabic Collections Online (ACO) project, contributed by New York Univeristy Libraries.
		</subfield>
	</datafield>
	<datafield ind1=" " ind2=" " tag="533">
		<subfield code="a">
			Electronic reproduction.
		</subfield>
		<subfield code="b">
			New York, N.Y. :
		</subfield>
		<subfield code="c">
			New York University,
		</subfield>
		<subfield code="d">
			2015.
		</subfield>
		<subfield code="5">
			NNU
		</subfield>
	</datafield>
	<datafield ind1=" " ind2=" " tag="546">
		<subfield code="a">
			Introduction and summary of contents in English.
		</subfield>
	</datafield>
	<datafield ind1=" " ind2=" " tag="504">
		<subfield code="a">
			Includes bibliographical references and index.
		</subfield>
	</datafield>
	<datafield ind1=" " ind2="0" tag="650">
		<subfield code="a">
			Crusades.
		</subfield>
	</datafield>
	<datafield ind1=" " ind2="0" tag="651">
		<subfield code="a">
			Damascus (Syria)
		</subfield>
		<subfield code="x">
			History.
		</subfield>
	</datafield>
	<datafield ind1=" " ind2="7" tag="650">
		<subfield code="a">
			Crusades.
		</subfield>
		<subfield code="2">
			fast
		</subfield>
		<subfield code="0">
			(OCoLC)fst00884401.
		</subfield>
	</datafield>
	<datafield ind1=" " ind2="7" tag="651">
		<subfield code="a">
			Syria
		</subfield>
		<subfield code="z">
			Damascus.
		</subfield>
		<subfield code="2">
			fast
		</subfield>
		<subfield code="0">
			(OCoLC)fst01207112.
		</subfield>
	</datafield>
	<datafield ind1=" " ind2="7" tag="655">
		<subfield code="a">
			History.
		</subfield>
		<subfield code="2">
			fast
		</subfield>
		<subfield code="0">
			(OCoLC)fst01411628.
		</subfield>
	</datafield>
	<datafield ind1="1" ind2=" " tag="700">
		<subfield code="6">
			880-06
		</subfield>
		<subfield code="a">
			Ibn al-Azraq al-Fāriqī, Aḥmad ibn Yūsuf ibn ʻAlī,
		</subfield>
		<subfield code="d">
			1116 or 1117-1176.
		</subfield>
	</datafield>
	<datafield ind1="1" ind2=" " tag="700">
		<subfield code="6">
			880-07
		</subfield>
		<subfield code="a">
			Sibṭ ibn al-Jawzī, Yūsuf ibn Qizughlī,
		</subfield>
		<subfield code="d">
			1186 or 1187-1257.
		</subfield>
	</datafield>
	<datafield ind1="1" ind2=" " tag="700">
		<subfield code="6">
			880-08
		</subfield>
		<subfield code="a">
			Dhahabī, Muḥammad ibn Aḥmad,
		</subfield>
		<subfield code="d">
			1274-1348.
		</subfield>
	</datafield>
	<datafield ind1="1" ind2=" " tag="700">
		<subfield code="a">
			Amedroz, H. F.
		</subfield>
		<subfield code="q">
			(Henry Frederick),
		</subfield>
		<subfield code="d">
			1855-1917.
		</subfield>
	</datafield>
	<datafield ind1="1" ind2=" " tag="700">
		<subfield code="6">
			880-09
		</subfield>
		<subfield code="a">
			Ṣābī, Hilāl ibn al-Muḥassin,
		</subfield>
		<subfield code="d">
			970-1056.
		</subfield>
		<subfield code="t">
			Tārīkh Dimashq.
		</subfield>
	</datafield>
	<datafield ind1="2" ind2=" " tag="710">
		<subfield code="a">
			New York University.
		</subfield>
		<subfield code="b">
			Libraries.
		</subfield>
	</datafield>
	<datafield ind1="0" ind2=" " tag="730">
		<subfield code="a">
			Arabic Collections Online.
		</subfield>
	</datafield>
	<datafield ind1="0" ind2="8" tag="776">
		<subfield code="i">
			Online version:
		</subfield>
		<subfield code="a">
			Ibn al-Qalānisī, Abū Yaʻlá Ḥamzah ibn Asad, -1160.
		</subfield>
		<subfield code="t">
			Tārīkh Abī Yaʻlá Ḥamzah ibn al-Qalānisī.
		</subfield>
		<subfield code="d">
			Bayrūt : al-Ābāʼ al-Yasūʻīayn, 1908
		</subfield>
		<subfield code="w">
			(OCoLC)551622776
		</subfield>
	</datafield>
	<datafield ind1="0" ind2="8" tag="776">
		<subfield code="i">
			Online version:
		</subfield>
		<subfield code="a">
			Ibn al-Qalānisī, Abū Yaʻlá Ḥamzah ibn Asad, -1160.
		</subfield>
		<subfield code="t">
			Tārīkh Abī Yaʻlá Ḥamzah ibn al-Qalānisī.
		</subfield>
		<subfield code="d">
			Bayrūt : al-Ābāʼ al-Yasūʻīayn, 1908
		</subfield>
		<subfield code="w">
			(OCoLC)606249827
		</subfield>
	</datafield>
	<datafield ind1="0" ind2="8" tag="776">
		<subfield code="i">
			Online version:
		</subfield>
		<subfield code="a">
			Ibn al-Qalānisī, Abū Yaʻlá Ḥamzah ibn Asad, -1160.
		</subfield>
		<subfield code="t">
			Tārīkh Abī Yaʻlá Ḥamzah ibn al-Qalānisī.
		</subfield>
		<subfield code="d">
			Bayrūt : al-Ābāʼ al-Yasūʻīayn, 1908
		</subfield>
		<subfield code="w">
			(OCoLC)608641457
		</subfield>
	</datafield>
	<datafield ind1="0" ind2="8" tag="776">
		<subfield code="i">
			Print version:
		</subfield>
		<subfield code="a">
			Ibn al-Qalānisī, Abū Yaʻlá Ḥamzah ibn Asad, -1160.
		</subfield>
		<subfield code="t">
			Tārīkh Abī Yaʻlá Ḥamzah ibn al-Qalānisī
		</subfield>
		<subfield code="w">
			(NNU)001684515
		</subfield>
	</datafield>
	<datafield ind1="4" ind2="0" tag="856">
		<subfield code="u">
			http://hdl.handle.net/2333.1/rxwdbvtn
		</subfield>
	</datafield>
	<datafield ind1="1" ind2=" " tag="880">
		<subfield code="6">
			100-01/
		</subfield>
		<subfield code="a">
			ابن القلانسي، ابو يعلى حمزة بن اسد،
		</subfield>
		<subfield code="d">
			-1160.
		</subfield>
	</datafield>
	<datafield ind1="1" ind2="0" tag="880">
		<subfield code="6">
			240-02/
		</subfield>
		<subfield code="a">
			ذيل تاريخ دمشق
		</subfield>
	</datafield>
	<datafield ind1="1" ind2="0" tag="880">
		<subfield code="6">
			245-03/
		</subfield>
		<subfield code="a">
			تاريخ ابي يعلى حمزة بن القلانسي :
		</subfield>
		<subfield code="b">
			المعرف بذيل تاريخ دمشق /
		</subfield>
		<subfield code="c">
			تتلوه نخب من تواريخ ابن الازرق الفارقي والسبط ابن الجوزي والحافظ الذهبي.
		</subfield>
	</datafield>
	<datafield ind1="3" ind2="0" tag="880">
		<subfield code="6">
			246-04/
		</subfield>
		<subfield code="a">
			ذيل تاريخ دمشق
		</subfield>
	</datafield>
	<datafield ind1=" " ind2=" " tag="880">
		<subfield code="6">
			260-05/
		</subfield>
		<subfield code="a">
			بيروت :
		</subfield>
		<subfield code="b">
			مطبعة الاباء اليسوعيين،
		</subfield>
		<subfield code="c">
			1908.
		</subfield>
	</datafield>
	<datafield ind1="1" ind2=" " tag="880">
		<subfield code="6">
			700-06/
		</subfield>
		<subfield code="a">
			ابن الازرق الفارقي، احمد بن يوسف بن علي،,
		</subfield>
		<subfield code="d">
			1116 or 1117-1176.
		</subfield>
	</datafield>
	<datafield ind1="1" ind2=" " tag="880">
		<subfield code="6">
			700-07/
		</subfield>
		<subfield code="a">
			سبط بن الجوزي، يوسف بن قزغلي،,
		</subfield>
		<subfield code="d">
			1186 or 1187-1257.
		</subfield>
	</datafield>
	<datafield ind1="1" ind2=" " tag="880">
		<subfield code="6">
			700-08/
		</subfield>
		<subfield code="a">
			ذهبي، محمد بن احمد،,
		</subfield>
		<subfield code="d">
			1274-1348.
		</subfield>
	</datafield>
	<datafield ind1="1" ind2=" " tag="880">
		<subfield code="6">
			700-09/
		</subfield>
		<subfield code="a">
			صابي، هلال بن المحسن،
		</subfield>
		<subfield code="d">
			970-1056.
		</subfield>
		<subfield code="t">
			تاريخ دمشق.
		</subfield>
	</datafield>
	<datafield ind1=" " ind2=" " tag="959">
		<subfield code="a">
			NNU
		</subfield>
		<subfield code="b">
			WEB
		</subfield>
		<subfield code="c">
			GENI
		</subfield>
		<subfield code="t">
			0
		</subfield>
		<subfield code="m">
			Electronic access
		</subfield>
		<subfield code="s">
			01
		</subfield>
	</datafield>
	<datafield ind1=" " ind2=" " tag="999">
		<subfield code="i">
			NNU_001684515
		</subfield>
		<subfield code="s">
			nyu_aco001352
		</subfield>
		<subfield code="e">
			(ERROR-880)
		</subfield>
	</datafield>
</record>
